@article{rombouts:2015,
    author    = "Rombouts, J. and Bohte, S. and Roelfsema, P.",
    title     = "How Attention Can Create Synaptic Tags for the Learning of Working Memories in Sequential Tasks",
    year      = "2015",
    journal   = "PLoS Computational Biology",
    volume    = "11",
    number    = "3",
    pages     = "e1004060",
    doi       = "10.1371/journal.pcbi.1004060"
}


@article{rombouts:2014,
    author    = "Rombouts, J. and Roelfsema, P. and Bohte, S.",
    title     = "Learning Resets of Neural Working Memory",
    year      = "2014",
    journal   = "European Symposium on Artificial Neural Networks, Computational Intelligence and Machine Learning",
    volume    = "22"
}

@article{zambrano:2015,
    author    = "Zambrano, D. and Roelfsema, P. and Bohte, S.",
    title     = "Continuous-time on-policy neural Reinforcement Learning of working memory tasks",
    year      = "2015",
    journal   = "International Joint Conference on Neural Networks",
    doi       = "10.1109/IJCNN.2015.7280636"
}

@article{vitay:2015,
    author    = "Vitay, J. and Dinklebach, H. and Hamker, F.",
    title     = "ANNarchy: a code generation approach to neural simulations on parallel hardware",
    year      = "2015",
    journal   = "Frontiers Neuroinformatics",
    volume    = "9",
    number    = "19",
    doi       = "10.3389/fninf.2015.00019"
}

@article{yang:2007,
    author    = "Yang, T. and Shalden, M.",
    title     = "Probabilistic reasoning by neurons",
    year      = "2007",
    journal   = "Nature",
    volume    = "447",
    number    = "7148",
    pages     = "1075--80",
    doi       = "10.1038/nature05852"
}