@misc{markdown,
    author    = "John Gruber and Aaron Swartz",
    title     = "The Markdown format",
    year      = "2004",
    url       = "http://daringfireball.net/projects/markdown/syntax"
}

@article{Clopath2010,
author = {Clopath, Claudia and B{\"{u}}sing, Lars and Vasilaki, Eleni and Gerstner, Wulfram},
doi = {10.1038/nn.2479},
isbn = {1546-1726 (Electronic){\$}\backslash{\$}n1097-6256 (Linking)},
issn = {1097-6256},
journal = {Nature Neuroscience},
number = {3},
pages = {344--352},
pmid = {20098420},
title = {{Connectivity reflects coding: a model of voltage-based STDP with homeostasis}},
url = {http://www.nature.com/doifinder/10.1038/nn.2479},
volume = {13},
year = {2010}
}