@article{Poirazi2003a,
author = {Poirazi, Panayiota and Brannon, Terrence and Mel, Bartlett W.},
issn = {0896-6273},
journal = {Neuron},
month = {mar},
number = {6},
pages = {989--999},
publisher = {Elsevier},
doi = {10.1016/S0896-6273(03)00149-1},
title = {Pyramidal neuron as two-layer neural network},
volume = {37},
year = {2003}
}

@article{Stimberg2014,
author = {Stimberg, Marcel and Goodman, Dan F. M. and Benichoux, Victor and Brette, Romain},
doi = {10.3389/fninf.2014.00006},
issn = {1662-5196},
journal = {Front. Neuroinform.},
number = {February},
pages = {6},
pmid = {24550820},
title = {{Equation-oriented specification of neural models for simulations.}},
volume = {8},
year = {2014}
}
@article{Memmesheimer2012,
author = {Memmesheimer, Raoul Martin and Timme, Marc},
doi = {10.1371/journal.pcbi.1002384},
editor = {Graham, Lyle J.},
issn = {1553734X},
journal = {PLoS Computational Biology},
month = {apr},
number = {4},
pages = {e1002384},
pmid = {22532791},
publisher = {Public Library of Science},
title = {{Non-additive coupling enables propagation of synchronous spiking activity in purely random networks}},
volume = {8},
year = {2012}
}

@article{Goodman2009,
	title = {The {Brian} simulator},
	volume = {3},
	doi = {10.3389/neuro.01.026.2009},
	journal = {Front. Neurosci.},
	author = {Goodman, Dan F. M. and Brette, Romain},
	year = {2009}
}

@article{Muller2015,
	title = {Python in neuroscience},
	volume = {9},
	issn = {1662-5196},
	doi = {10.3389/fninf.2015.00011},
	journal = {Front. Neuroinform.},
	author = {Muller, Eilif and Bednar, James A. and Diesmann, Markus and Gewaltig, Marc-Oliver and Hines, Michael and Davison, Andrew P.},
	year = {2015}
}

@article{Softky1994,
	title = {Sub-millisecond coincidence detection in active dendritic trees},
	volume = {58},
	issn = {0306-4522},
	doi = {10.1016/0306-4522(94)90154-6},
	number = {1},
	journal = {Neuroscience},
	author = {Softky, William},
	month = jan,
	year = {1994},
	pages = {13--41}
}