@article{wang:1994,
  title={Multiple dynamical modes of thalamic relay neurons: rhythmic bursting and intermittent phase-locking},
  author={Wang, X-J},
  journal={Neuroscience},
  volume={59},
  number={1},
  pages={21--31},
  year={1994},
  publisher={Elsevier}
}

@article{nordlie:2009,
  title={Towards reproducible descriptions of neuronal network models},
  author={Nordlie, Eilen and Gewaltig, Marc-Oliver and Plesser, Hans Ekkehard},
  journal={PLoS Comput Biol},
  volume={5},
  number={8},
  pages={e1000456},
  year={2009},
  publisher={Public Library of Science}
}

@book{ascher:1998,
  title={Computer methods for ordinary differential equations and differential-algebraic equations},
  author={Ascher, Uri M and Petzold, Linda R},
  volume={61},
  year={1998},
  publisher={Siam}
}

@article{mccormick:1990,
  title={Functional implications of burst firing and single spike activity in lateral geniculate relay neurons},
  author={McCormick, DA and Feeser, HR},
  journal={Neuroscience},
  volume={39},
  number={1},
  pages={103--113},
  year={1990},
  publisher={Elsevier}
}
