@misc{markdown,
    author    = "Kaiming He, Xiangyu Zhang, Shaoqing Ren, Jian Sun",
    title     = "Deep residual learning for image recognition.",
    year      = "2015",
    url       = "https://arxiv.org/abs/1512.03385"
}

@misc{markdown,
    author    = "Kaiming He, Xiangyu Zhang, Shaoqing Ren, Jian Sun",
    title     = "Identity mappings in deep residual networks.",
    year      = "2016",
    url       = "https://arxiv.org/abs/1603.05027"
}

@misc{markdown,
    author    = "Sergey Zagoruyko, Nikos Komodakis",
    title     = "Wide Residual Neural Networks.",
    year      = "2016",
    url       = "https://arxiv.org/abs/1605.07146"
}

@misc{markdown,
    author    = "The Theano Development Team, et al.",
    title     = "Theano: A Python framework for fast computation of mathematical expressions.",
    year      = "2016",
    url       = "https://arxiv.org/abs/1605.02688"
}

@misc{markdown,
    author    = "Dieleman, Sander, et al.",
    title     = "Lasagne: First Release.",
    year      = "2015",
    url       = "http://lasagne.readthedocs.io/en/latest/index.html"
}

@misc{markdown,
    author    = "Collobert, Ronan, Koray Kavukcuoglu, and Cl√©ment Farabet.",
    title     = "Torch7: A matlab-like environment for machine learning.",
    year      = "2011",
    url       = "http://cs.nyu.edu/~koray/files/2011_torch7_nipsw.pdf"
}
