@article{Bridson:2007,
author = {Bridson, R},
title = {{Fast Poisson disk sampling in arbitrary dimensions.}},
journal = {SIGGRAPH sketches},
year = {2007}
}


@inproceedings{Balzer:2009a,
author = {Balzer, Michael},
title = {{Capacity-Constrained Voronoi Diagrams in Continuous Spaces}},
booktitle = {2009 Sixth International Symposium on Voronoi Diagrams},
year = {2009},
pages = {79--88},
publisher = {IEEE}
}


@book{Balzer:2009b,
author = {Balzer, Michael and Schl{\"o}mer, Thomas and Deussen, Oliver},
title = {{Capacity-constrained point distributions: a variant of Lloyd's method}},
publisher = {ACM},
year = {2009},
volume = {28},
series = {a variant of Lloyd's method},
month = jul
}


@article{AscencioLopez:2010,
author = {Ascencio-Lopez, I and Meruvia-Pastor, O and Hidalho-Silva, Hugo},
title = {{Adaptive incremental stippling using the Poisson-disk distribution}},
journal = {Journal of Graphics},
year = {2010},
volume = {15},
number = {1},
pages = {29--47}
}


@InProceedings{Secord:2002,
 author =     {Secord, Adrian},
 title =      {Weighted Voronoi Stippling},
 booktitle =  {Proceedings of the 2Nd International Symposium on
               Non-photorealistic Animation and Rendering},
 series =     {NPAR '02},
 year =       {2002},
 pages =      {37--43},
 numpages =   {7},
 publisher =  {ACM},
} 

@InProceedings{Hoff:1999,
 author =     {Hoff,III, Kenneth E. and Keyser, John and Lin, Ming and Manocha,
               Dinesh and Culver, Tim},
 title =      {Fast Computation of Generalized Voronoi Diagrams Using Graphics
               Hardware},
 booktitle =  {Proceedings of the 26th Annual Conference on Computer Graphics
               and Interactive Techniques},
 series =     {SIGGRAPH '99},
 year =       {1999},
 pages =      {277--286},
 numpages =   {10},
 publisher =  {ACM Press/Addison-Wesley Publishing Co.}
} 

