@article{brunel2000,
  title={Dynamics of sparsely connected networks of excitatory and inhibitory spiking neurons},
  author={N. Brunel},
  journal={Journal of Computational Neuroscience},
  volume={8},
  number={3},
  pages={183--208},
  year={2000},
}

@article{tomov2014,
  title={Sustained oscillations, irregular firing, and chaotic dynamics in hierarchical modular networks with mixtures of electrophysiological cell types},
  author={P. Tomov and R.F.O. Pena and M.A. Zaks and A.C. Roque},
  journal={Frontiers in Computational Neuroscience},
  volume={8},
  pages={103},
  year={2014},
}

@article{potjans2014,
  title={The Cell-Type Specific Cortical Microcircuit: Relating Structure and Activity in a Full-Scale Spiking Network Model},
  author={T.C. Potjans and M. Diesmann},
  journal={Cerebral Cortex},
  volume={24},
  number={3},
  pages={785--806},
  year={2014},
}

@article{gewaltig2007,
  title={Nest (NEural Simulation Tool)},
  author={M.O. Gewaltig and M. Diesmann},
  journal={Scholarpedia},
  volume={2},
  number={4},
  pages={1430},
  year={2007}
}

@article{goodman2009,
  title={The {B}rian simulator},
  author={D.F.M. Goodman and R. Brette},
  journal={Frontiers in Neuroscience},
  volume={3},
  number={2},
  pages={192},
  year={2009},
}

@misc{potjans2014pyNEST,
  title={Spiking cortical network model Potjans and Diesmann 2014},
  author={S. {van Albada}},
%  year={2014},
  url={http://www.opensourcebrain.org/projects/potjansdiesmann2014}
}

@article{vogels2005,
  title={Signal propagation and logic gating in networks of integrate-and-fire neurons},
  author={T.P. Vogels and L.F. Abbott},
  journal={Journal of Neuroscience},
  volume={25},
  number={46},
  pages={10786--10795},
  year={2005},
}

@article{kriener2014,
  title={Dynamics of self-sustained asynchronous-irregular activity in random networks of spiking neurons with strong synapses},
  author={B. Kriener and H. Enger and T. Tetzlaff and H.E. Plesser and M.O. Gewaltig and G.T. Einevoll},
  journal={Frontiers in Computational Neuroscience},
  volume={8},
  pages={136},
  year={2014},
}

@article{ostojic2014,
  title={Two types of asynchronous activity in networks of excitatory and inhibitory spiking neurons},
  author={S. Ostojic},
  journal={Nature Neuroscience},
  volume={17},
  number={4},
  pages={594--600},
  year={2014},
}

@article{thomson2002,
  title={Synaptic connections and small circuits involving excitatory and inhibitory neurons in layer 2-5 of adult rat and cat neocortex: triple intracellular recordings and biocytin labelling in vitro},
  author={A.M. Thomson and D.C. West and Y. Wang and A. Bannister},
  journal={Cerebral Cortex},
  volume={12},
  pages={936--953},
  year={2002},
}

@article{binzegger2004,
  title={A quantitative map of the circuit of cat primary visual cortex},
  author={T. Binzegger and R.J. Douglas and K.A.C. Martin},
  journal={Journal of Neuroscience},
  volume={39},
  pages={8441--8453},
  year={2004},
}

@article{amit1997,
  author = {Amit, D.J. and Brunel, N.},
  title = {Model of global spontaneous activity and local structured activity during delay periods in the cerebral cortex.},
  journal = {Cerebral Cortex},
  volume = {7},
  number = {3},
  pages = {237-252},
  year = {1997},
}

@article{wagatsuma2011,
  title={Layer-dependent attentional processing by top-down signals in a visual cortical microcircuit model},
  author={N. Wagatsuma and T.C. Potjans and M. Diesmann and T. Fukai},
  journal={Frontiers in Computational Neuroscience},
  volume={5},
  pages={31},
  year={2011},
}


