@inbook{capen-1986,
   author = {Capen, D. E. and Fenwick, J. W. and Inkley, D. B. and Boynton, A. C.},
   title = {Multivariate models of songbird habitat in New England forests},
   booktitle = {Wildlife 2000: modelling habitat relationships of terrestrial vertebrates},
   editor = {Verner, J. A. and Morrison, M. L. and Ralph, C. J.},
   publisher = {University of Wisconsin Press},
   address = {Madison},
   pages = {171-175},
   year = {1986},
   type = {Book Section}
}

@article{diaconis-1983,
   author = {Diaconis, P. and Efron, B.},
   title = {Computer-intensive methods in statistics},
   journal = {Scientific American},
   volume = {248},
   number = {5},
   pages = {116-130},
   year = {1983},
   type = {Journal Article}
}

@article{efron-1983,
   author = {Efron, B.},
   title = {Estimating the error rate of a prediction rule: improvement on cross-validation},
   journal = {Journal of the American Statistical Association},
   volume = {78},
   number = {382},
   pages = {316-331},
   DOI = {10.1080/01621459.1983.10477973},
   year = {1983},
   type = {Journal Article}
}

@book{efron-1993,
   author = {Efron, B. and Tibshirani, R. J.},
   title = {An Introduction to the Bootstrap},
   publisher = {Chapman \& Hall},
   address = {New York},
   year = {1993},
   type = {Book}
}

@article{efron-1997,
   author = {Efron, B. and Tibshirani, R.},
   title = {Improvements on cross-validation: the .632+ bootstrap method},
   journal = {Journal of the American Statistical Association},
   volume = {92},
   number = {438},
   pages = {548-560},
   DOI = {10.1080/01621459.1997.10474007},
   year = {1997},
   type = {Journal Article}
}

@article{fielding-1997,
   author = {Fielding, A. H. and Bell, J. F.},
   title = {A review of methods for the assessment of prediction errors in conservation presence/absence models},
   journal = {Environmental Conservation},
   volume = {24},
   number = {1},
   pages = {38-49},
   year = {1997},
   type = {Journal Article}
}

@book{hastie-2009,
   author = {Hastie, T. and Tibshirani, R. and Friedman, J.},
   title = {The Elements of Statistical Learning: data mining, inference, and prediction},
   publisher = {Springer-Verlag New York},
   address = {New York},
   edition = {2nd},
   year = {2009},
   type = {Book}
}

@article{jain-1987,
   author = {Jain, A. K. and Dubes, R. C. and Chen, C. C.},
   title = {Boostrap techniques for error estimation},
   journal = {IEEE Transactions on Pattern Analysis and Machine Intelligence},
   volume = {9},
   number = {5},
   pages = {628-633},
   DOI = {10.1109/tpami.1987.4767957},
   year = {1987},
   type = {Journal Article}
}

@article{lachenbruch-1968,
   author = {Lachenbruch, P. A. and Mickey, M. R.},
   title = {Estimation of error rates in discriminant analysis},
   journal = {Technometrics},
   volume = {10},
   number = {1},
   pages = {1-11},
   DOI = {10.2307/1266219},
   year = {1968},
   type = {Journal Article}
}

@article{verbyla-1989,
   author = {Verbyla, D. L. and Litvaitis, J. A.},
   title = {Resampling methods for evaluating classification accuracy of wildlife habitat models},
   journal = {Environmental Management},
   volume = {13},
   number = {6},
   pages = {783-787},
   DOI = {10.1007/BF01868317},
   year = {1989},
   type = {Journal Article}
}
