@article{etherington2012,
	title = {Least-cost modelling on irregular landscape graphs},
	volume = {27},
	journal = {Landscape Ecology},
	author = {Etherington, Thomas R},
	year = {2012},
	pages = {957--968},
}

@Manual{devtools,
    title = {devtools: Tools to Make Developing R Packages Easier},
    author = {Hadley Wickham and Winston Chang},
    year = {2015},
    note = {R package version 1.8.0},
    url = {http://CRAN.R-project.org/package=devtools},
  }
  
  @Manual{gdistance,
    title = {gdistance: Distances and Routes on Geographical Grids},
    author = {van-Etten, Jacob},
    year = {2015},
    note = {R package version 1.1-9},
    url = {http://CRAN.R-project.org/package=gdistance},
  }
  
  @article{stachelek2015,
	title = {Application of inverse path distance weighting for high-density spatial mapping of coastal water quality patterns},
	volume = {29},
	issn = {1365-8816, 1362-3087},
	url = {http://www.tandfonline.com/doi/full/10.1080/13658816.2015.1018833},
	doi = {10.1080/13658816.2015.1018833},
	language = {en},
	number = {7},
	urldate = {2015-08-06},
	journal = {International Journal of Geographical Information Science},
	author = {Stachelek, J. and Madden, C.J.},
	month = jul,
	year = {2015},
	pages = {1240--1250},
	file = {stachmadden2015.pdf:/home/jose/.zotero/zotero/hglwcpgi.default/zotero/storage/DQ7JUN73/stachmadden2015.pdf:application/pdf}
}

@Manual{ipdw,
    title = {{ipdw}: spatial interpolation by Inverse Path Distance Weighting. },
    year = {2015},
    author = {Joseph Stachelek},
    note = {R package version 0.2-3},
    url = {http://CRAN.R-project.org/package=ipdw},
  }
